<?xml version="1.0" encoding="UTF-8"?><collection xmlns="http://www.loc.gov/MARC21/slim"><record><leader>00505nam--2200181-i-4500</leader><controlfield tag="001">000021769</controlfield><controlfield tag="002">20161230</controlfield><controlfield tag="005">20170211160035</controlfield><controlfield tag="008">060222s1000------------r-----000-0-eng-d</controlfield><datafield ind1=" " ind2=" " tag="040"><subfield code="a">IFIN-HH</subfield></datafield><datafield ind1=" " ind2=" " tag="080"><subfield code="a">537.311.33</subfield></datafield><datafield ind1="1" ind2=" " tag="100"><subfield code="a">Hannay, N. B</subfield></datafield><datafield ind1="1" ind2="0" tag="245"><subfield code="a">Semiconductors</subfield><subfield code="c">N.B. Hannay (ed.)</subfield></datafield><datafield ind1=" " ind2=" " tag="260"><subfield code="a">New York</subfield><subfield code="b">Reinhold Publishing Corporation</subfield><subfield code="c">1959</subfield></datafield><datafield ind1=" " ind2=" " tag="300"><subfield code="a">XXIII + 767 p</subfield></datafield><datafield ind1=" " ind2=" " tag="490"><subfield code="a">American Chemical Society Monographs Series</subfield></datafield><datafield ind1=" " ind2=" " tag="852"><subfield code="a">15453</subfield><subfield code="c">537.311.33</subfield></datafield><datafield ind1=" " ind2=" " tag="CAT"><subfield code="a">SYS</subfield><subfield code="c">20170211</subfield><subfield code="h">160035</subfield></datafield></record></collection>